<record><leader>00000cas a22000007a 4500</leader><controlfield tag="001">16364830</controlfield><controlfield tag="008">870803d1874187uinuwr ne      0    0ger d</controlfield><datafield ind1=" " ind2=" " tag="010"><subfield code="a">sn 87056555 </subfield></datafield><datafield ind1=" " ind2=" " tag="040"><subfield code="a">NPI</subfield><subfield code="b">eng</subfield><subfield code="c">NPI</subfield><subfield code="d">YOX</subfield><subfield code="d">OCLCQ</subfield><subfield code="d">KRTAS</subfield><subfield code="d">OCLCQ</subfield><subfield code="d">OCLCF</subfield><subfield code="d">OCLCO</subfield></datafield><datafield ind1="1" ind2=" " tag="029"><subfield code="a">AU@</subfield><subfield code="b">000025828143</subfield></datafield><datafield ind1=" " ind2=" " tag="042"><subfield code="a">msc</subfield></datafield><datafield ind1=" " ind2=" " tag="043"><subfield code="a">n-us-in</subfield></datafield><datafield ind1="0" ind2=" " tag="130"><subfield code="a">Indiana deutsche Zeitung (Indianapolis, Ind. : Weekly)</subfield></datafield><datafield ind1="1" ind2="0" tag="245"><subfield code="a">Indiana deutsche Zeitung.</subfield></datafield><datafield ind1="3" ind2="0" tag="246"><subfield code="a">Sonntagsblatt der Indiana deutsche Zeitung</subfield></datafield><datafield ind1="3" ind2="0" tag="246"><subfield code="a">Indiana deutsche Zeitung Sonntagsblatt</subfield></datafield><datafield ind1="3" ind2="0" tag="246"><subfield code="a">Wo&#776;chentliche Indiana deutsche Zeitung</subfield></datafield><datafield ind1=" " ind2=" " tag="250"><subfield code="a">Wochenblatt.</subfield></datafield><datafield ind1=" " ind2=" " tag="260"><subfield code="a">Indianapolis, Ind. :</subfield><subfield code="b">C.H. Henrici</subfield></datafield><datafield ind1=" " ind2=" " tag="310"><subfield code="a">Weekly</subfield></datafield><datafield ind1="1" ind2=" " tag="362"><subfield code="a">Began in 1874.</subfield></datafield><datafield ind1=" " ind2=" " tag="500"><subfield code="a">On Sunday published as: Sonntagsblatt der Indiana deutsche Zeitung, Aug. 1-Oct. 17, 1875; Indiana deutsche Zeitung Sonntagsblatt, Oct. 24, 1875-</subfield></datafield><datafield ind1=" " ind2=" " tag="546"><subfield code="a">In German.</subfield></datafield><datafield ind1=" " ind2=" " tag="580"><subfield code="a">Also published in a daily ed. with same title.</subfield></datafield><datafield ind1=" " ind2=" " tag="588"><subfield code="a">Description based on: Nr. 51 (6 Feb. 1875).</subfield></datafield><datafield ind1=" " ind2="0" tag="650"><subfield code="a">Germans</subfield><subfield code="z">Indiana</subfield><subfield code="v">Newspapers.</subfield></datafield><datafield ind1=" " ind2="0" tag="650"><subfield code="a">German Americans</subfield><subfield code="v">Newspapers.</subfield></datafield><datafield ind1=" " ind2="0" tag="651"><subfield code="a">Indianapolis (Ind.)</subfield><subfield code="v">Newspapers.</subfield></datafield><datafield ind1=" " ind2="7" tag="655"><subfield code="a">Newspapers.</subfield><subfield code="2">fast</subfield><subfield code="0">(OCoLC)fst01423814</subfield></datafield><datafield ind1=" " ind2="7" tag="650"><subfield code="a">German Americans.</subfield><subfield code="2">fast</subfield><subfield code="0">(OCoLC)fst00941308</subfield></datafield><datafield ind1=" " ind2="7" tag="650"><subfield code="a">Germans.</subfield><subfield code="2">fast</subfield><subfield code="0">(OCoLC)fst00942100</subfield></datafield><datafield ind1=" " ind2="7" tag="651"><subfield code="a">Indiana.</subfield><subfield code="2">fast</subfield><subfield code="0">(OCoLC)fst01204604</subfield></datafield><datafield ind1=" " ind2="7" tag="651"><subfield code="a">Indiana</subfield><subfield code="z">Indianapolis.</subfield><subfield code="2">fast</subfield><subfield code="0">(OCoLC)fst01205182</subfield></datafield><datafield ind1=" " ind2=" " tag="752"><subfield code="a">United States</subfield><subfield code="b">Indiana</subfield><subfield code="c">Marion</subfield><subfield code="d">Indianapolis.</subfield></datafield><datafield ind1="1" ind2=" " tag="775"><subfield code="t">Indiana deutsche Zeitung (Indianapolis, Ind. : Daily)</subfield><subfield code="w">(DLC)sn 84023948</subfield></datafield><datafield ind1=" " ind2=" " tag="938"><subfield code="a">Kirtas Technologies, Inc.</subfield><subfield code="b">KRTS</subfield><subfield code="n">740121</subfield></datafield></record>